{"coolerId":"5dd6be842ff612219cd1d77d","name":"WBA-00162-000-C006","storename":"WBA00162","coolerCategory":"Beverages","allProductImages":["61126916345_C1C1.png","61126928136_C1C1.png","61126999100_C1C1.png","61126910171_C1C1.png","61126981899_C1C1.png","61126971646_C1C1.png","61126954601_C1C1.png","61126954602_C1C1.png","61126918246_C1C1.png","61126921245_C1C1.png","61126911357_C1C1.png","61126984123_C1C1.png","61126932121_C1C1.png","61126920643_C1C1.png","61126917452_C1C1.png","61126928340_C1C1.png","61126913344_C1C1.png","61126913345_C1C1.png","07084781124_C1C1.png","07084781121_C1C1.png","07084701770_C1C1.png","07084703001_C1C1.png","07084781116_C1C1.png","07084781126_C1C1.png","07084701247_C1C1.png","07084702732_C1C1.png","07084702090_C1C1.png","07084703308_C1C1.png","07084701755_C1C1.png","07084701620_C1C1.png","07084700322_C1C1.png","07084702152_C1C1.png","07084703111_C1C1.png","07084702290_C1C1.png","07084702901_C1C1.png","07084703191_C1C1.png","08079380391_C1C1.png","81515402096_C1C1.png","81515402170_C1C1.png","81515402166_C1C1.png","81515402164_C1C1.png","07084781260_C1C1.png","07084781271_C1C1.png","07084703310_C1C1.png","07084702922_C1C1.png","07084702784_C1C1.png","07084702786_C1C1.png","07084702788_C1C1.png","04900007239_C1C1.png","04900007238_C1C1.png","04900007237_C1C1.png","04900007607_C1C1.png","04900007605_C1C1.png","04900007750_C1C1.png"],"products":[{"id":"5dcf3cf22597013dd425f568","name":"RED BULL YELOW EDTN SGL","gtin":"61126916345","originalPrice":"2.29","unitPrice":"27.26¢ per oz","weight":"8.4","unit":"OZ","units":"8.4 OZ","unitOfMeasure":"OUNCE","labels":[],"tag":"hot","promotion":{"type":"buy","details":{"quantity":2,"price":"4","unitprice":"23.81¢ per oz for 2","content":" or $2.29 each","cardcoupon":" ","calculatedUnitPrice":"23.8¢ per oz on 2"}}},{"id":"5dcf3cf3072e6139480c8c19","name":"RED BULL COCONUT EDTIN SNGL","gtin":"61126928136","originalPrice":"2.29","unitPrice":"27.26¢ per oz","weight":"8.4","unit":"OZ","units":"8.4 OZ","unitOfMeasure":"OUNCE","labels":[],"tag":"hot","promotion":{"type":"buy","details":{"quantity":2,"price":"4","unitprice":"23.81¢ per oz for 2","content":" or $2.29 each","cardcoupon":" ","calculatedUnitPrice":"23.8¢ per oz on 2"}}},{"id":"5dcf3cf7072e6139480c8ccb","name":"RED BULL ENERGY DRINK","gtin":"61126999100","originalPrice":"2.29","unitPrice":"27.26¢ per oz","weight":"8.4","unit":"OZ","units":"8.4 OZ","unitOfMeasure":"OUNCE","labels":[],"tag":"buyMoreAndSave","promotion":{"type":"buy","details":{"quantity":2,"price":"4","unitprice":"23.81¢ per oz for 2","content":" or $2.29 each","cardcoupon":" ","calculatedUnitPrice":"23.8¢ per oz on 2"}}},{"id":"5dcf3cf22597013dd425f56d","name":"RED BULL ENERGY DRINK S/F","gtin":"61126910171","originalPrice":"2.29","unitPrice":"27.26¢ per oz","weight":"8.4","unit":"OZ","units":"8.4 OZ","unitOfMeasure":"OUNCE","labels":[],"tag":"buyMoreAndSave","promotion":{"type":"buy","details":{"quantity":2,"price":"4","unitprice":"23.81¢ per oz for 2","content":" or $2.29 each","cardcoupon":" ","calculatedUnitPrice":"23.8¢ per oz on 2"}}},{"id":"5dcf3cf7072e6139480c8cb4","name":"RED BULL ENERGY DRINK","gtin":"61126981899","originalPrice":"3.19","unitPrice":"26.58¢ per oz","weight":"12","unit":"OZ","units":"12 OZ","unitOfMeasure":"OUNCE","labels":[],"tag":"buyMoreAndSave","promotion":{"type":"sale","details":{"quantity":3,"price":"7.00","unitprice":"19.44¢ per oz for 3","content":" or $2.99 each","cardcoupon":"w/card","calculatedUnitPrice":"19.4¢ per oz on 3"}}},{"id":"5dcf3cf5072e6139480c8c59","name":"RED BULL ENERGY DRINK S/F","gtin":"61126971646","originalPrice":"3.19","unitPrice":"26.58¢ per oz","weight":"12","unit":"OZ","units":"12 OZ","unitOfMeasure":"OUNCE","labels":[],"tag":"buyMoreAndSave","promotion":{"type":"sale","details":{"quantity":3,"price":"7.00","unitprice":"19.44¢ per oz for 3","content":" or $2.99 each","cardcoupon":"w/card","calculatedUnitPrice":"19.4¢ per oz on 3"}}},{"id":"5dcf3cf4072e6139480c8c4a","name":"RED BULL ENERGY DRINK","gtin":"61126954601","originalPrice":"3.99","unitPrice":"24.94¢ per oz","weight":"16","unit":"OZ","units":"16 OZ","unitOfMeasure":"OUNCE","labels":[],"tag":"buyMoreAndSave","promotion":{"type":"buy","details":{"quantity":2,"price":"7","unitprice":"21.88¢ per oz for 2","content":" or $3.99 each","cardcoupon":" ","calculatedUnitPrice":"21.9¢ per oz on 2"}}},{"id":"5dcf3cf5072e6139480c8c60","name":"RED BULL S/F","gtin":"61126954602","originalPrice":"3.99","unitPrice":"24.94¢ per oz","weight":"16","unit":"OZ","units":"16 OZ","unitOfMeasure":"OUNCE","labels":[],"tag":"buyMoreAndSave","promotion":{"type":"buy","details":{"quantity":2,"price":"7","unitprice":"21.88¢ per oz for 2","content":" or $3.99 each","cardcoupon":" ","calculatedUnitPrice":"21.9¢ per oz on 2"}}},{"id":"5dcf3cf3072e6139480c8c0b","name":"RED BULL BLUEBERRY","gtin":"61126918246","originalPrice":"3.19","unitPrice":"26.58¢ per oz","weight":"12","unit":"OZ","units":"12 OZ","unitOfMeasure":"OUNCE","labels":[],"tag":"buyMoreAndSave","promotion":{"type":"sale","details":{"quantity":3,"price":"7.00","unitprice":"19.44¢ per oz for 3","content":" or $2.99 each","cardcoupon":"w/card","calculatedUnitPrice":"19.4¢ per oz on 3"}}},{"id":"5dcf3cf7072e6139480c8cd3","name":"RED BULL GREEN KIWI APPLE","gtin":"61126921245","originalPrice":"3.19","unitPrice":"26.58¢ per oz","weight":"12","unit":"OZ","units":"12 OZ","unitOfMeasure":"OUNCE","labels":[],"tag":"buyMoreAndSave","promotion":{"type":"sale","details":{"quantity":3,"price":"7.00","unitprice":"19.44¢ per oz for 3","content":" or $2.99 each","cardcoupon":"w/card","calculatedUnitPrice":"19.4¢ per oz on 3"}}},{"id":"5dcf3d00072e6139480c8e4b","name":"RED BULL TROPICAL","gtin":"61126911357","originalPrice":"3.19","unitPrice":"26.58¢ per oz","weight":"12","unit":"OZ","units":"12 OZ","unitOfMeasure":"OUNCE","labels":[],"tag":"buyMoreAndSave","promotion":{"type":"sale","details":{"quantity":3,"price":"7.00","unitprice":"19.44¢ per oz for 3","content":" or $2.99 each","cardcoupon":"w/card","calculatedUnitPrice":"19.4¢ per oz on 3"}}},{"id":"5dcf3d01072e6139480c8e74","name":"RED BULL WNTR EDTN-PLM TWST","gtin":"61126984123","originalPrice":"3.19","unitPrice":"26.58¢ per oz","weight":"12","unit":"OZ","units":"12 OZ","unitOfMeasure":"OUNCE","labels":[],"tag":"redbull_winteredition","promotion":{"type":"sale","details":{"quantity":3,"price":"7.00","unitprice":"19.44¢ per oz for 3","content":" or $2.99 each","cardcoupon":"w/card","calculatedUnitPrice":"19.4¢ per oz on 3"}}},{"id":"5dcf3cf3072e6139480c8c12","name":"RED BULL COCONUT BERRY","gtin":"61126932121","originalPrice":"3.19","unitPrice":"26.58¢ per oz","weight":"12","unit":"OZ","units":"12 OZ","unitOfMeasure":"OUNCE","labels":[],"tag":"buyMoreAndSave","promotion":{"type":"sale","details":{"quantity":3,"price":"7.00","unitprice":"19.44¢ per oz for 3","content":" or $2.99 each","cardcoupon":"w/card","calculatedUnitPrice":"19.4¢ per oz on 3"}}},{"id":"5dcf3cff072e6139480c8e1f","name":"RED BULL ORANGE TANGERINE","gtin":"61126920643","originalPrice":"3.19","unitPrice":"26.58¢ per oz","weight":"12","unit":"OZ","units":"12 OZ","unitOfMeasure":"OUNCE","labels":[],"tag":"buyMoreAndSave","promotion":{"type":"sale","details":{"quantity":3,"price":"7.00","unitprice":"19.44¢ per oz for 3","content":" or $2.99 each","cardcoupon":"w/card","calculatedUnitPrice":"19.4¢ per oz on 3"}}},{"id":"5dcf3cf3072e6139480c8c04","name":"RED BULL CRANBERRY","gtin":"61126917452","originalPrice":"3.19","unitPrice":"26.58¢ per oz","weight":"12","unit":"OZ","units":"12 OZ","unitOfMeasure":"OUNCE","labels":[],"tag":"buyMoreAndSave","promotion":{"type":"sale","details":{"quantity":3,"price":"7.00","unitprice":"19.44¢ per oz for 3","content":" or $2.99 each","cardcoupon":"w/card","calculatedUnitPrice":"19.4¢ per oz on 3"}}},{"id":"5dcf3d01072e6139480c8e63","name":"RED BULL SUGARFREE PEAR","gtin":"61126928340","originalPrice":"3.19","unitPrice":"26.58¢ per oz","weight":"12","unit":"OZ PPR","units":"12 OZ PPR","unitOfMeasure":"OUNCE","labels":[],"tag":"buyMoreAndSave","promotion":{"type":"sale","details":{"quantity":3,"price":"7.00","unitprice":"19.44¢ per oz for 3","content":" or $2.99 each","cardcoupon":"w/card","calculatedUnitPrice":"19.4¢ per oz ppr on 3"}}},{"id":"5dcf3cfa072e6139480c8d31","name":"RED BULL ENERGY DRINK","gtin":"61126913344","originalPrice":"4.49","unitPrice":"22.45¢ per oz","weight":"20","unit":"OZ","units":"20 OZ","unitOfMeasure":"OUNCE","labels":[],"tag":"buyMoreAndSave","promotion":{"type":"buy","details":{"quantity":2,"price":"8","unitprice":"20.00¢ per oz for 2","content":" or $4.49 each","cardcoupon":" ","calculatedUnitPrice":"20.0¢ per oz on 2"}}},{"id":"5dcf3cf3072e6139480c8c27","name":"RED BULL SUGAR FREE","gtin":"61126913345","originalPrice":"4.49","unitPrice":"22.45¢ per oz","weight":"20","unit":"OZ","units":"20 OZ","unitOfMeasure":"OUNCE","labels":[],"tag":"buyMoreAndSave","promotion":{"type":"buy","details":{"quantity":2,"price":"8","unitprice":"20.00¢ per oz for 2","content":" or $4.49 each","cardcoupon":" ","calculatedUnitPrice":"20.0¢ per oz on 2"}}},{"id":"5dcf3cfd072e6139480c8dbc","name":"MONSTER ENERGY","gtin":"07084781124","originalPrice":"3.69","unitPrice":"15.38¢ per oz","weight":"24","unit":"OZ","units":"24 OZ","unitOfMeasure":"OUNCE","labels":[],"tag":"NestleFullOnFlavor ","promotion":null},{"id":"5dcf3cfd072e6139480c8db4","name":"MONSTER LO CARB","gtin":"07084781121","originalPrice":"3.69","unitPrice":"15.38¢ per oz","weight":"24","unit":"OZ","units":"24 OZ","unitOfMeasure":"OUNCE","labels":["Low_Sugar"],"promotion":null},{"id":"5dcf3cfc072e6139480c8d84","name":"MONSTER SF ZERO ULTRA","gtin":"07084701770","originalPrice":"3.69","unitPrice":"15.38¢ per oz","weight":"24","unit":"OZ","units":"24 OZ","unitOfMeasure":"OUNCE","labels":["Sugar_Free"],"tag":"NestleTopSeller","promotion":null},{"id":"5dcf3cfd072e6139480c8db8","name":"MONSTER SF ULTRA VIOLET","gtin":"07084703001","originalPrice":"3.69","unitPrice":"15.38¢ per oz","weight":"24","unit":"OZ","units":"24 OZ","unitOfMeasure":"OUNCE","labels":["Sugar_Free"],"promotion":null},{"id":"5dcf3cfb072e6139480c8d6b","name":"MONSTER ENERGY","gtin":"07084781116","originalPrice":"2.79","unitPrice":"17.44¢ per oz","weight":"16","unit":"OZ","units":"16 OZ","unitOfMeasure":"OUNCE","labels":[],"tag":"buyMoreAndSave","promotion":{"type":"sale","details":{"quantity":2,"price":"4.00","unitprice":"12.50¢ per oz for 2","content":" or $2.79 each","cardcoupon":"w/card","calculatedUnitPrice":"12.5¢ per oz on 2"}}},{"id":"5dcf3cfe072e6139480c8dfe","name":"MONSTER LO CARB","gtin":"07084781126","originalPrice":"2.79","unitPrice":"17.44¢ per oz","weight":"16","unit":"OZ","units":"16 OZ","unitOfMeasure":"OUNCE","labels":["Low_Sugar"],"tag":"buyMoreAndSave","promotion":{"type":"sale","details":{"quantity":2,"price":"4.00","unitprice":"12.50¢ per oz for 2","content":" or $2.79 each","cardcoupon":"w/card","calculatedUnitPrice":"12.5¢ per oz on 2"}}},{"id":"5dcf3cfb072e6139480c8d75","name":"MONSTER SF ZERO ULTRA","gtin":"07084701247","originalPrice":"2.79","unitPrice":"17.44¢ per oz","weight":"16","unit":"OZ","units":"16 OZ","unitOfMeasure":"OUNCE","labels":["Sugar_Free"],"tag":"buyMoreAndSave","promotion":{"type":"sale","details":{"quantity":2,"price":"4.00","unitprice":"12.50¢ per oz for 2","content":" or $2.79 each","cardcoupon":"w/card","calculatedUnitPrice":"12.5¢ per oz on 2"}}},{"id":"5dcf3cfc072e6139480c8d88","name":"MONSTER SF ENERGY ULTRA VLET","gtin":"07084702732","originalPrice":"2.79","unitPrice":"17.44¢ per oz","weight":"16","unit":"OZ","units":"16 OZ","unitOfMeasure":"OUNCE","labels":["Sugar_Free"],"tag":"buyMoreAndSave","promotion":{"type":"sale","details":{"quantity":2,"price":"4.00","unitprice":"12.50¢ per oz for 2","content":" or $2.79 each","cardcoupon":"w/card","calculatedUnitPrice":"12.5¢ per oz on 2"}}},{"id":"5dcf3cfb072e6139480c8d67","name":"MONSTER SF ULTRA SUNRISE","gtin":"07084702090","originalPrice":"2.79","unitPrice":"17.44¢ per oz","weight":"16","unit":"OZ","units":"16 OZ","unitOfMeasure":"OUNCE","labels":["Sugar_Free"],"tag":"buyMoreAndSave","promotion":{"type":"sale","details":{"quantity":2,"price":"4.00","unitprice":"12.50¢ per oz for 2","content":" or $2.79 each","cardcoupon":"w/card","calculatedUnitPrice":"12.5¢ per oz on 2"}}},{"id":"5dcf3cff072e6139480c8e0b","name":"MONSTER ULTRA PARADISE","gtin":"07084703308","originalPrice":"2.79","unitPrice":"17.44¢ per oz","weight":"16","unit":"OZ","units":"16 OZ","unitOfMeasure":"OUNCE","labels":["Sugar_Free"],"tag":"buyMoreAndSave","promotion":{"type":"sale","details":{"quantity":2,"price":"4.00","unitprice":"12.50¢ per oz for 2","content":" or $2.79 each","cardcoupon":"w/card","calculatedUnitPrice":"12.5¢ per oz on 2"}}},{"id":"5dcf3d02072e6139480c8e9a","name":"MONSTER SF ULTRA RED","gtin":"07084701755","originalPrice":"2.79","unitPrice":"17.44¢ per oz","weight":"16","unit":"OZ","units":"16 OZ","unitOfMeasure":"OUNCE","labels":["Sugar_Free"],"tag":"buyMoreAndSave","promotion":{"type":"sale","details":{"quantity":2,"price":"4.00","unitprice":"12.50¢ per oz for 2","content":" or $2.79 each","cardcoupon":"w/card","calculatedUnitPrice":"12.5¢ per oz on 2"}}},{"id":"5dcf3d01072e6139480c8e80","name":"MONSTER SF ULTRA BLUE","gtin":"07084701620","originalPrice":"2.79","unitPrice":"17.44¢ per oz","weight":"16","unit":"OZ","units":"16 OZ","unitOfMeasure":"OUNCE","labels":["Sugar_Free"],"tag":"buyMoreAndSave","promotion":{"type":"sale","details":{"quantity":2,"price":"4.00","unitprice":"12.50¢ per oz for 2","content":" or $2.79 each","cardcoupon":"w/card","calculatedUnitPrice":"12.5¢ per oz on 2"}}},{"id":"5dcf3cfe072e6139480c8ddb","name":"MONSTER REHAB","gtin":"07084700322","originalPrice":"2.79","unitPrice":"18.00¢ per oz","weight":"15.5","unit":"OZ","units":"15.5 OZ","unitOfMeasure":"OUNCE","labels":["Low_Sugar"],"promotion":{"type":"sale","details":{"quantity":2,"price":"4.00","unitprice":"12.90¢ per oz for 2","content":" or $2.79 each","cardcoupon":"w/card","calculatedUnitPrice":"12.9¢ per oz on 2"}}},{"id":"5dcf3cfd072e6139480c8dd5","name":"MONSTER REHAB PEACH TEA","gtin":"07084702152","originalPrice":"2.79","unitPrice":"18.00¢ per oz","weight":"15.5","unit":"OZ","units":"15.5 OZ","unitOfMeasure":"OUNCE","labels":[],"promotion":{"type":"sale","details":{"quantity":2,"price":"4.00","unitprice":"12.90¢ per oz for 2","content":" or $2.79 each","cardcoupon":"w/card","calculatedUnitPrice":"12.9¢ per oz on 2"}}},{"id":"5dcf3cfe072e6139480c8de8","name":"MONSTER REHAB WHTE DRGN TA","gtin":"07084703111","originalPrice":"2.79","unitPrice":"18.00¢ per oz","weight":"15.5","unit":"OZ","units":"15.5 OZ","unitOfMeasure":"OUNCE","labels":["Low_Sugar"],"promotion":{"type":"sale","details":{"quantity":2,"price":"4.00","unitprice":"12.90¢ per oz for 2","content":" or $2.79 each","cardcoupon":"w/card","calculatedUnitPrice":"12.9¢ per oz on 2"}}},{"id":"5dcf3d00072e6139480c8e44","name":"MONSTER PIPELINE PUNCH","gtin":"07084702290","originalPrice":"2.79","unitPrice":"17.44¢ per oz","weight":"16","unit":"OZ","units":"16 OZ","unitOfMeasure":"OUNCE","labels":[],"tag":"buyMoreAndSave","promotion":{"type":"sale","details":{"quantity":2,"price":"4.00","unitprice":"12.50¢ per oz for 2","content":" or $2.79 each","cardcoupon":"w/card","calculatedUnitPrice":"12.5¢ per oz on 2"}}},{"id":"5dcf3cfb072e6139480c8d79","name":"MONSTER ENERGY MANGO LOCO","gtin":"07084702901","originalPrice":"2.79","unitPrice":"17.44¢ per oz","weight":"16","unit":"OZ","units":"16 OZ","unitOfMeasure":"OUNCE","labels":[],"tag":"buyMoreAndSave","promotion":{"type":"sale","details":{"quantity":2,"price":"4.00","unitprice":"12.50¢ per oz for 2","content":" or $2.79 each","cardcoupon":"w/card","calculatedUnitPrice":"12.5¢ per oz on 2"}}},{"id":"5dcf3d01072e6139480c8e73","name":"MONSTER PACIFIC PUNCH","gtin":"07084703191","originalPrice":"2.79","unitPrice":"17.44¢ per oz","weight":"16","unit":"OZ","units":"16 OZ","unitOfMeasure":"OUNCE","labels":[],"tag":"buyMoreAndSave","promotion":{"type":"sale","details":{"quantity":2,"price":"4.00","unitprice":"12.50¢ per oz for 2","content":" or $2.79 each","cardcoupon":"w/card","calculatedUnitPrice":"12.5¢ per oz on 2"}}},{"id":"5dcf3cf4072e6139480c8c41","name":"NOS ENERGY","gtin":"08079380391","originalPrice":"2.79","unitPrice":"17.44¢ per oz","weight":"16","unit":"OZ","units":"16 OZ","unitOfMeasure":"OUNCE","labels":[],"promotion":{"type":"sale","details":{"quantity":2,"price":"4.00","unitprice":"12.50¢ per oz for 2","content":" or $2.79 each","cardcoupon":"w/card","calculatedUnitPrice":"12.5¢ per oz on 2"}}},{"id":"5dcf3d01072e6139480c8e5b","name":"NOS NITRO MANGO","gtin":"81515402096","originalPrice":"2.79","unitPrice":"17.44¢ per oz","weight":"16","unit":"OZ","units":"16 OZ","unitOfMeasure":"OUNCE","labels":[],"tag":"buyMoreAndSave","promotion":{"type":"sale","details":{"quantity":2,"price":"4.00","unitprice":"12.50¢ per oz for 2","content":" or $2.79 each","cardcoupon":"w/card","calculatedUnitPrice":"12.5¢ per oz on 2"}}},{"id":"5dcf3cff072e6139480c8e2e","name":"MONSTER REIGN SOUR APPLE","gtin":"81515402170","originalPrice":"2.79","unitPrice":"17.44¢ per oz","weight":"16","unit":"OZ","units":"16 OZ","unitOfMeasure":"OUNCE","labels":["Sugar_Free"],"tag":"Pre_Workout","promotion":{"type":"sale","details":{"quantity":2,"price":"4.00","unitprice":"12.50¢ per oz for 2","content":" or $2.79 each","cardcoupon":"w/card","calculatedUnitPrice":"12.5¢ per oz on 2"}}},{"id":"5dcf3d00072e6139480c8e39","name":"MONSTER REIGN RAZZLE BERRY","gtin":"81515402166","originalPrice":"2.79","unitPrice":"17.44¢ per oz","weight":"16","unit":"OZ","units":"16 OZ","unitOfMeasure":"OUNCE","labels":["Sugar_Free"],"tag":"buyMoreAndSave","promotion":{"type":"sale","details":{"quantity":2,"price":"4.00","unitprice":"12.50¢ per oz for 2","content":" or $2.79 each","cardcoupon":"w/card","calculatedUnitPrice":"12.5¢ per oz on 2"}}},{"id":"5dcf3d00072e6139480c8e45","name":"MONSTER REIGN MELON MANIA","gtin":"81515402164","originalPrice":"2.79","unitPrice":"17.44¢ per oz","weight":"16","unit":"OZ","units":"16 OZ","unitOfMeasure":"OUNCE","labels":["Sugar_Free"],"tag":"buyMoreAndSave","promotion":{"type":"sale","details":{"quantity":2,"price":"4.00","unitprice":"12.50¢ per oz for 2","content":" or $2.79 each","cardcoupon":"w/card","calculatedUnitPrice":"12.5¢ per oz on 2"}}},{"id":"5dcf3d01072e6139480c8e7f","name":"MONSTER JAVA MEAN BEAN","gtin":"07084781260","originalPrice":"2.99","unitPrice":"19.94¢ per oz","weight":"15","unit":"OZ","units":"15 OZ","unitOfMeasure":"OUNCE","labels":["u"],"tag":"buyMoreAndSave","promotion":{"type":"buy","details":{"quantity":2,"price":"5","unitprice":"16.67¢ per oz for 2","content":" or $2.99 each","cardcoupon":" ","calculatedUnitPrice":"16.7¢ per oz on 2"}}},{"id":"5dcf3cfc072e6139480c8d8e","name":"MONSTER JAVA LOCA MOCA","gtin":"07084781271","originalPrice":"2.99","unitPrice":"19.94¢ per oz","weight":"15","unit":"OZ","units":"15 OZ","unitOfMeasure":"OUNCE","labels":["u"],"tag":"buyMoreAndSave","promotion":{"type":"buy","details":{"quantity":2,"price":"5","unitprice":"16.67¢ per oz for 2","content":" or $2.99 each","cardcoupon":" ","calculatedUnitPrice":"16.7¢ per oz on 2"}}},{"id":"5dcf3cfd072e6139480c8dc9","name":"MONSTER JAVA SWISS CHOCOLATE","gtin":"07084703310","originalPrice":"2.99","unitPrice":"19.94¢ per oz","weight":"15","unit":"OZ","units":"15 OZ","unitOfMeasure":"OUNCE","labels":["u"],"tag":"buyMoreAndSave","promotion":{"type":"buy","details":{"quantity":2,"price":"5","unitprice":"16.67¢ per oz for 2","content":" or $2.99 each","cardcoupon":" ","calculatedUnitPrice":"16.7¢ per oz on 2"}}},{"id":"5dcf3cfc072e6139480c8d9d","name":"MONSTER ESPRESSO VANILLA","gtin":"07084702922","originalPrice":"2.99","unitPrice":"35.59¢ per oz","weight":"8.4","unit":"OZ","units":"8.4 OZ","unitOfMeasure":"OUNCE","labels":[],"promotion":{"type":"buy","details":{"quantity":2,"price":"5","unitprice":"29.76¢ per oz for 2","content":" or $2.99 each","cardcoupon":" ","calculatedUnitPrice":"29.8¢ per oz on 2"}}},{"id":"5dcf3cfe072e6139480c8ddc","name":"MONSTER CAFFE MOCHA","gtin":"07084702784","originalPrice":"2.99","unitPrice":"21.83¢ per oz","weight":"13.7","unit":"OZ","units":"13.7 OZ","unitOfMeasure":"OUNCE","labels":[],"promotion":{"type":"buy","details":{"quantity":2,"price":"5","unitprice":"18.25¢ per oz for 2","content":" or $2.99 each","cardcoupon":" ","calculatedUnitPrice":"18.2¢ per oz on 2"}}},{"id":"5dcf3d02072e6139480c8e9e","name":"MONSTER CAFFE VANILLA","gtin":"07084702786","originalPrice":"2.99","unitPrice":"21.83¢ per oz","weight":"13.7","unit":"OZ","units":"13.7 OZ","unitOfMeasure":"OUNCE","labels":[],"promotion":{"type":"buy","details":{"quantity":2,"price":"5","unitprice":"18.25¢ per oz for 2","content":" or $2.99 each","cardcoupon":" ","calculatedUnitPrice":"18.2¢ per oz on 2"}}},{"id":"5dcf3cfb072e6139480c8d63","name":"MONSTER CAFFE SLTD CARAMEL","gtin":"07084702788","originalPrice":"2.99","unitPrice":"21.83¢ per oz","weight":"13.7","unit":"OZ","units":"13.7 OZ","unitOfMeasure":"OUNCE","labels":[],"promotion":{"type":"buy","details":{"quantity":2,"price":"5","unitprice":"18.25¢ per oz for 2","content":" or $2.99 each","cardcoupon":" ","calculatedUnitPrice":"18.2¢ per oz on 2"}}},{"id":"5dcf3cfe072e6139480c8df8","name":"DUNKIN DONUTS ICD FRCH VNL","gtin":"04900007239","originalPrice":"2.99","unitPrice":"21.82¢ per oz","weight":"13.7","unit":"OZ","units":"13.7 OZ","unitOfMeasure":"OUNCE","labels":[],"promotion":null},{"id":"5dcf3cfa072e6139480c8d4c","name":"DUNKIN DONUTS ICED MOCHA","gtin":"04900007238","originalPrice":"2.99","unitPrice":"21.82¢ per oz","weight":"13.7","unit":"OZ","units":"13.7 OZ","unitOfMeasure":"OUNCE","labels":[],"promotion":null},{"id":"5dcf3cfb072e6139480c8d80","name":"DUNKIN DONUTS ICED ORIGNL","gtin":"04900007237","originalPrice":"2.99","unitPrice":"21.82¢ per oz","weight":"13.7","unit":"OZ","units":"13.7 OZ","unitOfMeasure":"OUNCE","labels":[],"promotion":null},{"id":"5dcf3cfa072e6139480c8d38","name":"DUNKIN DONUTS VNL SHT IN DK","gtin":"04900007607","originalPrice":"2.79","unitPrice":"33.21¢ per oz","weight":"8.4","unit":"OZ","units":"8.4 OZ","unitOfMeasure":"OUNCE","labels":[],"promotion":null},{"id":"5dcf3d02072e6139480c8e91","name":"DUNKIN DONUTS MCH SHT IN DK","gtin":"04900007605","originalPrice":"2.79","unitPrice":"33.21¢ per oz","weight":"8.4","unit":"OZ","units":"8.4 OZ","unitOfMeasure":"OUNCE","labels":[],"promotion":null},{"id":"5dcf3cfd072e6139480c8dcf","name":"DUNKIN DONUTS CAR SHT IN DK","gtin":"04900007750","originalPrice":"2.79","unitPrice":"33.21¢ per oz","weight":"8.4","unit":"OZ","units":"8.4 OZ","unitOfMeasure":"OUNCE","labels":[],"promotion":null}],"metadata":{"middleBanner":{"offsetY":"1130px","height":"90px"},"shelves":[{"slots":[{"prodId":"5dcf3cf22597013dd425f568","imageName":"61126916345_C1C1.png","imageWidth":"123px","displayAd":false,"adImageName":""},{"prodId":"5dcf3cf3072e6139480c8c19","imageName":"61126928136_C1C1.png","imageWidth":"123px","displayAd":false,"adImageName":""},{"prodId":"5dcf3cf7072e6139480c8ccb","imageName":"61126999100_C1C1.png","imageWidth":"115px","displayAd":false,"adImageName":""},{"prodId":"5dcf3cf22597013dd425f56d","imageName":"61126910171_C1C1.png","imageWidth":"115px","displayAd":false,"adImageName":""},{"prodId":"5dcf3cf7072e6139480c8cb4","imageName":"RedBullEnergyDrink12oz_NativeAd.png","imageWidth":"148px","displayAd":false,"adImageName":""},{"prodId":"5dcf3cf7072e6139480c8cb4","imageName":"RedBullEnergyDrink12oz_NativeAd.png","imageWidth":"148px","displayAd":false,"adImageName":""},{"prodId":"5dcf3cf5072e6139480c8c59","imageName":"RedBullSugarfree12oz_NativeAd.png","imageWidth":"148px","displayAd":false,"adImageName":""},{"prodId":"5dcf3cf5072e6139480c8c59","imageName":"RedBullSugarfree12oz_NativeAd.png","imageWidth":"148px","displayAd":false,"adImageName":""},{"prodId":"5dcf3cf4072e6139480c8c4a","imageName":"61126954601_C1C1.png","imageWidth":"133px","displayAd":false,"adImageName":""},{"prodId":"5dcf3cf5072e6139480c8c60","imageName":"61126954602_C1C1.png","imageWidth":"133px","displayAd":false,"adImageName":""}],"height":"400px"},{"slots":[{"prodId":"5dcf3cf3072e6139480c8c0b","imageName":"RedBullBlue12oz_NativeAd.png","imageWidth":"148px","displayAd":false,"adImageName":""},{"prodId":"5dcf3cf7072e6139480c8cd3","imageName":"61126921245_C1C1.png","imageWidth":"131px","displayAd":true,"adImageName":""},{"prodId":"5dcf3d00072e6139480c8e4b","imageName":"RedBullYellow12oz_NativeAd.png","imageWidth":"148px","displayAd":false,"adImageName":""},{"prodId":"5dcf3d00072e6139480c8e4b","imageName":"RedBullYellow12oz_NativeAd.png","imageWidth":"148px","displayAd":false,"adImageName":""},{"prodId":"5dcf3d01072e6139480c8e74","imageName":"RedBullWinterPlum12oz_NativeAd.png","imageWidth":"148px","displayAd":false,"adImageName":""},{"prodId":"5dcf3cf3072e6139480c8c12","imageName":"61126932121_C1C1.png","imageWidth":"132px","displayAd":false,"adImageName":""},{"prodId":"5dcf3cff072e6139480c8e1f","imageName":"61126920643_C1C1.png","imageWidth":"131px","displayAd":false,"adImageName":""},{"prodId":"5dcf3cf3072e6139480c8c0b","imageName":"RedBullBlue12oz_NativeAd.png","imageWidth":"148px","displayAd":false,"adImageName":""},{"prodId":"5dcf3cf3072e6139480c8c04","imageName":"61126917452_C1C1.png","imageWidth":"134px","displayAd":false,"adImageName":""},{"prodId":"5dcf3d01072e6139480c8e63","imageName":"61126928340_C1C1.png","imageWidth":"134px","displayAd":false,"adImageName":""}],"height":"400px"},{"slots":[{"prodId":"5dcf3cfa072e6139480c8d31","imageName":"61126913344_C1C1.png","imageWidth":"152px","displayAd":false,"adImageName":""},{"prodId":"5dcf3cf3072e6139480c8c27","imageName":"61126913345_C1C1.png","imageWidth":"146px","displayAd":false,"adImageName":""},{"prodId":"5dcf3cfd072e6139480c8dbc","imageName":"07084781124_C1C1.png","imageWidth":"167px","displayAd":false,"adImageName":""},{"prodId":"5dcf3cfd072e6139480c8db4","imageName":"07084781121_C1C1.png","imageWidth":"167px","displayAd":true,"adImageName":""},{"prodId":"5dcf3cfc072e6139480c8d84","imageName":"07084701770_C1C1.png","imageWidth":"167px","displayAd":false,"adImageName":""},{"prodId":"5dcf3cfd072e6139480c8db8","imageName":"07084703001_C1C1.png","imageWidth":"167px","displayAd":false,"adImageName":""},{"prodId":"5dcf3cfb072e6139480c8d6b","imageName":"07084781116_C1C1.png","imageWidth":"152px","displayAd":false,"adImageName":""},{"prodId":"5dcf3cfb072e6139480c8d6b","imageName":"07084781116_C1C1.png","imageWidth":"152px","displayAd":false,"adImageName":""},{"prodId":"5dcf3cfe072e6139480c8dfe","imageName":"07084781126_C1C1.png","imageWidth":"152px","displayAd":true,"adImageName":""}],"height":"400px"},{"slots":[{"prodId":"5dcf3cfb072e6139480c8d75","imageName":"07084701247_C1C1.png","imageWidth":"152px","displayAd":false,"adImageName":""},{"prodId":"5dcf3cfb072e6139480c8d75","imageName":"07084701247_C1C1.png","imageWidth":"152px","displayAd":false,"adImageName":""},{"prodId":"5dcf3cfc072e6139480c8d88","imageName":"07084702732_C1C1.png","imageWidth":"152px","displayAd":false,"adImageName":""},{"prodId":"5dcf3cfb072e6139480c8d67","imageName":"07084702090_C1C1.png","imageWidth":"152px","displayAd":false,"adImageName":""},{"prodId":"5dcf3cff072e6139480c8e0b","imageName":"07084703308_C1C1.png","imageWidth":"152px","displayAd":false,"adImageName":""},{"prodId":"5dcf3d02072e6139480c8e9a","imageName":"07084701755_C1C1.png","imageWidth":"152px","displayAd":false,"adImageName":""},{"prodId":"5dcf3d01072e6139480c8e80","imageName":"07084701620_C1C1.png","imageWidth":"153px","displayAd":false,"adImageName":""},{"prodId":"5dcf3cfe072e6139480c8ddb","imageName":"07084700322_C1C1.png","imageWidth":"152px","displayAd":false,"adImageName":""},{"prodId":"5dcf3cfd072e6139480c8dd5","imageName":"07084702152_C1C1.png","imageWidth":"152px","displayAd":false,"adImageName":""}],"height":"400px"},{"slots":[{"prodId":"5dcf3cfe072e6139480c8de8","imageName":"07084703111_C1C1.png","imageWidth":"152px","displayAd":false,"adImageName":""},{"prodId":"5dcf3cfe072e6139480c8de8","imageName":"07084703111_C1C1.png","imageWidth":"152px","displayAd":false,"adImageName":""},{"prodId":"5dcf3d00072e6139480c8e44","imageName":"07084702290_C1C1.png","imageWidth":"152px","displayAd":false,"adImageName":""},{"prodId":"5dcf3cfb072e6139480c8d79","imageName":"07084702901_C1C1.png","imageWidth":"153px","displayAd":false,"adImageName":""},{"prodId":"5dcf3d01072e6139480c8e73","imageName":"07084703191_C1C1.png","imageWidth":"152px","displayAd":false,"adImageName":""},{"prodId":"5dcf3cf4072e6139480c8c41","imageName":"08079380391_C1C1.png","imageWidth":"152px","displayAd":false,"adImageName":""},{"prodId":"5dcf3d01072e6139480c8e5b","imageName":"81515402096_C1C1.png","imageWidth":"153px","displayAd":false,"adImageName":""},{"prodId":"5dcf3cff072e6139480c8e2e","imageName":"81515402170_C1C1.png","imageWidth":"146px","displayAd":false,"adImageName":""},{"prodId":"5dcf3d00072e6139480c8e39","imageName":"81515402166_C1C1.png","imageWidth":"152px","displayAd":false,"adImageName":""},{"prodId":"5dcf3d00072e6139480c8e45","imageName":"81515402164_C1C1.png","imageWidth":"152px","displayAd":false,"adImageName":""}],"height":"400px"},{"slots":[{"prodId":"5dcf3d01072e6139480c8e7f","imageName":"07084781260_C1C1.png","imageWidth":"152px","displayAd":false,"adImageName":""},{"prodId":"5dcf3cfc072e6139480c8d8e","imageName":"07084781271_C1C1.png","imageWidth":"152px","displayAd":false,"adImageName":""},{"prodId":"5dcf3cfd072e6139480c8dc9","imageName":"07084703310_C1C1.png","imageWidth":"152px","displayAd":false,"adImageName":""},{"prodId":"5dcf3cfc072e6139480c8d9d","imageName":"07084702922_C1C1.png","imageWidth":"120px","displayAd":false,"adImageName":""},{"prodId":"5dcf3cfc072e6139480c8d9d","imageName":"07084702922_C1C1.png","imageWidth":"120px","displayAd":false,"adImageName":""},{"prodId":"5dcf3cfe072e6139480c8ddc","imageName":"07084702784_C1C1.png","imageWidth":"147px","displayAd":false,"adImageName":""},{"prodId":"5dcf3cfe072e6139480c8ddc","imageName":"07084702784_C1C1.png","imageWidth":"147px","displayAd":false,"adImageName":""},{"prodId":"5dcf3d02072e6139480c8e9e","imageName":"07084702786_C1C1.png","imageWidth":"147px","displayAd":false,"adImageName":""},{"prodId":"5dcf3cfb072e6139480c8d63","imageName":"07084702788_C1C1.png","imageWidth":"147px","displayAd":false,"adImageName":""},{"prodId":"5dcf3cfb072e6139480c8d63","imageName":"07084702788_C1C1.png","imageWidth":"147px","displayAd":false,"adImageName":""}],"height":"400px"},{"slots":[{"prodId":"5dcf3cfe072e6139480c8df8","imageName":"04900007239_C1C1.png","imageWidth":"150px","displayAd":false,"adImageName":""},{"prodId":"5dcf3cfe072e6139480c8df8","imageName":"04900007239_C1C1.png","imageWidth":"150px","displayAd":false,"adImageName":""},{"prodId":"5dcf3cfa072e6139480c8d4c","imageName":"04900007238_C1C1.png","imageWidth":"150px","displayAd":false,"adImageName":""},{"prodId":"5dcf3cfa072e6139480c8d4c","imageName":"04900007238_C1C1.png","imageWidth":"150px","displayAd":false,"adImageName":""},{"prodId":"5dcf3cfb072e6139480c8d80","imageName":"04900007237_C1C1.png","imageWidth":"150px","displayAd":false,"adImageName":""},{"prodId":"5dcf3cfb072e6139480c8d80","imageName":"04900007237_C1C1.png","imageWidth":"150px","displayAd":false,"adImageName":""},{"prodId":"5dcf3cfa072e6139480c8d38","imageName":"04900007607_C1C1.png","imageWidth":"148px","displayAd":false,"adImageName":""},{"prodId":"5dcf3d02072e6139480c8e91","imageName":"04900007605_C1C1.png","imageWidth":"148px","displayAd":false,"adImageName":""},{"prodId":"5dcf3cfd072e6139480c8dcf","imageName":"04900007750_C1C1.png","imageWidth":"148px","displayAd":false,"adImageName":""}],"height":"400px"}]},"created-date":20191121164244,"updated-date":20191217183307,"created-by":"PlanoIngest","updated-by":"RVA APIs"}